<?xml version="1.0" encoding="UTF-8"?><collection xmlns="http://www.loc.gov/MARC21/slim"><record><leader>00376nam--2200121-i-4500</leader><controlfield tag="001">000038702</controlfield><controlfield tag="002">20161230</controlfield><controlfield tag="005">20161230201041</controlfield><controlfield tag="008">060222s1000------------r-----000-0-eng-d</controlfield><datafield ind1=" " ind2=" " tag="245"><subfield code="a">Regulament pentru lucrul cu substante radioactive sau in cimpuri de radiatii</subfield></datafield><datafield ind1=" " ind2=" " tag="260"><subfield code="a">Bucuresti, Acad.Rpr, 1958. 53 P</subfield></datafield><datafield ind1=" " ind2=" " tag="490"><subfield code="a">Ifa, Oficiul Pentru Protectia Contra Radiatiilor</subfield></datafield><datafield ind1=" " ind2=" " tag="852"><subfield code="a">5562</subfield></datafield></record></collection>